<?xml version="1.0" encoding="UTF-8"?><collection xmlns="http://www.loc.gov/MARC21/slim"><record><leader>00567nam--2200169-i-4500</leader><controlfield tag="001">000043258</controlfield><controlfield tag="002">20161230</controlfield><controlfield tag="005">20161230201043</controlfield><controlfield tag="008">060222s1000------------r-----000-0-eng-d</controlfield><datafield ind1=" " ind2=" " tag="040"><subfield code="a">IFIN-HH</subfield></datafield><datafield ind1=" " ind2=" " tag="080"><subfield code="a">539.23</subfield></datafield><datafield ind1="1" ind2=" " tag="100"><subfield code="a">Suzuki,Takao</subfield></datafield><datafield ind1="1" ind2="0" tag="245"><subfield code="a">(1): anisotropy and crystal structure of ferromagnetic thin films. (2): investigations magnetic microstructure by lorentz microscopy</subfield><subfield code="b">Dissertion</subfield><subfield code="c">Takao suzuki</subfield></datafield><datafield ind1=" " ind2=" " tag="260"><subfield code="a">Ann Arbor, Michigan</subfield><subfield code="b">University Microfilms, Inc</subfield><subfield code="c">1969</subfield></datafield><datafield ind1=" " ind2=" " tag="300"><subfield code="a">VIII + 229 P</subfield></datafield><datafield ind1=" " ind2=" " tag="852"><subfield code="a">34426</subfield><subfield code="c">539.23</subfield></datafield><datafield ind1=" " ind2=" " tag="CAT"><subfield code="a">Sys</subfield><subfield code="c">20121217</subfield><subfield code="h">164928</subfield></datafield></record></collection>